

@book{ricci2011introduction,
  title={Introduction to recommender systems handbook},
  author={Ricci, Francesco and Rokach, Lior and Shapira, Bracha},
  year={2011},
  publisher={Springer}
}

@incollection{burke2007hybrid,
  title={Hybrid web recommender systems},
  author={Burke, Robin},
  booktitle={The adaptive web},
  pages={377--408},
  year={2007},
  publisher={Springer}
}

@incollection{ramirez2014post,
  title={Post-filtering for a restaurant context-aware recommender system},
  author={Ramirez-Garcia, Xochilt and Garc{\'\i}a-Valdez, Mario},
  booktitle={Recent Advances on Hybrid Approaches for Designing Intelligent Systems},
  pages={695--707},
  year={2014},
  publisher={Springer}
}

@inproceedings{baltrunas2011context,
  title={Context-Aware Places of Interest Recommendations and Explanations},
  author={Baltrunas, Linas and Ludwig, Bernd and Peer, Stefan and Ricci, Francesco},
  booktitle={Joint Proceedings of the Workshop on Decision Making and Recommendation Acceptance Issues in Recommender Systems (DEMRA 2011) and the 2nd Workshop on User Models for Motivational Systems: The Affective and the Rational Routes to Persuasion (UMMS 2011). CEUR Workshop Proceedings},
  volume={740},
  pages={19--26},
  year={2011}
}

// 5
@inproceedings{baltrunas2011,
  title={Context relevance assessment for recommender systems},
  author={Baltrunas, Linas and Ludwig, Bernd and Ricci, Francesco},
  booktitle={Proceedings of the 16th international conference on Intelligent user interfaces},
  pages={287--290},
  year={2011},
  organization={ACM}
}

@inproceedings{marina2010ontology,
  title={Ontology-based Web service to recommend spare time activities},
  author={Marina, Luis Mart{\'\i}nez and Calles Garc{\'\i}a, Juan Antonio and Barroso, Estefan{\'\i}a Mart{\'\i}n},
  booktitle={Proceedings of the 1st International Workshop on Information Heterogeneity and Fusion in Recommender Systems},
  pages={67--70},
  year={2010},
  organization={ACM}
}

@inproceedings{kim2010recommender,
  title={Recommender system using the movie genre similarity in mobile service},
  author={Kim, Kyung-Rog and Lee, Ju-Ho and Byeon, Jae-Hee and Moon, Nam-Mee},
  booktitle={Multimedia and Ubiquitous Engineering (MUE), 2010 4th International Conference on},
  pages={1--6},
  year={2010},
  organization={IEEE}
}

////8
@inproceedings{baltrunas2011incarmusic, 
  title={InCarMusic: Context-Aware Music Recommendations in a Car.},
  author={Baltrunas, Linas and Kaminskas, Marius and Ludwig, Bernd and Moling, Omar and Ricci, Francesco and Aydin, Aykan and L{\"u}ke, Karl-Heinz and Schwaiger, Roland},
  booktitle={EC-Web},
  volume={11},
  pages={89--100},
  year={2011},
  organization={Springer}
}


@article{zimmermann2000personalization,
  title={Personalization and Context-Management User Modeling and User-Adapted Interaction},
  author={Zimmermann, A and Specht, M and Lorentz, A},
  journal={Journal of Personalization Research (UMUUAI)},
  year={2000}
}

/1/// 10
@article{hussein2013context,
  title={Context-aware recommendations on rails},
  author={Hussein, Tim and Gaulke, Werner and Linder, Timm and Ziegler, J{\"u}rgen},
  year={2013}
}


@inproceedings{kahng2011ranking,
  title={Ranking in context-aware recommender systems},
  author={Kahng, Minsuk and Lee, Sangkeun and Lee, Sang-goo},
  booktitle={Proceedings of the 20th international conference companion on World wide web},
  pages={65--66},
  year={2011},
  organization={ACM}
}

//// 12
@inproceedings{abowd1999towards,  
  title={Towards a better understanding of context and context-awareness},
  author={Abowd, Gregory D and Dey, Anind K and Brown, Peter J and Davies, Nigel and Smith, Mark and Steggles, Pete},
  booktitle={Handheld and ubiquitous computing},
  pages={304--307},
  year={1999},
  organization={Springer}
}

@inproceedings{fischer2012context,
  title={Context-aware systems: the'right'information, at the'right'time, in the'right'place, in the'right'way, to the'right'person},
  author={Fischer, Gerhard},
  booktitle={Proceedings of the International Working Conference on Advanced Visual Interfaces},
  pages={287--294},
  year={2012},
  organization={ACM}
}
@incollection{adomavicius2011context,
  title={Context-aware recommender systems},
  author={Adomavicius, Gediminas and Tuzhilin, Alexander},
  booktitle={Recommender systems handbook},
  pages={217--253},
  year={2011},
  publisher={Springer}
}

@inproceedings{shani2008mining,
  title={Mining recommendations from the web},
  author={Shani, Guy and Chickering, Max and Meek, Christopher},
  booktitle={Proceedings of the 2008 ACM conference on Recommender systems},
  pages={35--42},
  year={2008},
  organization={ACM}
}

/// 16
@inproceedings{celma2008new,
  title={A new approach to evaluating novel recommendations},
  author={Celma, {\`O}scar and Herrera, Perfecto},
  booktitle={Proceedings of the 2008 ACM conference on Recommender systems},
  pages={179--186},
  year={2008},
  organization={ACM}
}
@article{dnegri2006introduccion,
  title={Introducci{\'o}n al razonamiento aproximado: l{\'o}gica difusa},
  author={DNegri, Carlos E and De Vito, Eduardo Luis},
  journal={Revista Argentina de medicina respiratoria},
  volume={4},
  pages={126--136},
  year={2006}
}

@book{segaran2007programming,
  title={Programming collective intelligence: building smart web 2.0 applications},
  author={Segaran, Toby},
  year={2007},
  publisher={" O'Reilly Media, Inc."}
}

//19
@incollection{shani2011evaluating,
  title={Evaluating recommendation systems},
  author={Shani, Guy and Gunawardana, Asela},
  booktitle={Recommender systems handbook},
  pages={257--297},
  year={2011},
  publisher={Springer}
}

@inproceedings{campochiaro2009metrics,
  title={Do Metrics Make Recommender Algorithms?},
  author={Campochiaro, Elisa and Casatta, Riccardo and Cremonesi, Paolo and Turrin, Roberto},
  booktitle={Advanced Information Networking and Applications Workshops, 2009. WAINA'09. International Conference on},
  pages={648--653},
  year={2009},
  organization={IEEE}
}

@inproceedings{romadhony2013online,
  title={Online shopping recommender system using hybrid method},
  author={Romadhony, Ade and Al Faraby, Said and Pudjoatmodjo, Bambang},
  booktitle={Information and Communication Technology (ICoICT), 2013 International Conference of},
  pages={166--169},
  year={2013},
  organization={IEEE}
}

// 22
@book{zheng2012differential,
  title={Differential context relaxation for context-aware travel recommendation},
  author={Zheng, Yong and Burke, Robin and Mobasher, Bamshad},
  year={2012},
  publisher={Springer}
}

@inproceedings{zheng2014context,
  title={Context recommendation using multi-label classification},
  author={Zheng, Yong and Mobasher, Bamshad and Burke, Robin},
  booktitle={Web Intelligence (WI) and Intelligent Agent Technologies (IAT), 2014 IEEE/WIC/ACM International Joint Conferences on},
  volume={2},
  pages={288--295},
  year={2014},
  organization={IEEE}
}
@inproceedings{nguyen2013towards,
  title={Towards context-aware recommendations: Strategies for exploiting multi-criteria communities},
  author={Nguyen, Thuy Ngoc and Te Nguyen, An},
  booktitle={Collaborative Computing: Networking, Applications and Worksharing (Collaboratecom), 2013 9th International Conference Conference on},
  pages={105--114},
  year={2013},
  organization={IEEE}
}


////////////////////////////////////////////
@article{dey2001understanding,
  title={Understanding and using context},
  author={Dey, Anind K},
  journal={Personal and ubiquitous computing},
  volume={5},
  number={1},
  pages={4--7},
  year={2001},
  publisher={Springer-Verlag}
}

@article{linkzeng,
  title={Context-aware datasets. URL: http://students.depaul.edu/~yzheng8/DataSets.html},
  author={Yong Zheng},
  year={2015},
  url={http://students.depaul.edu/~yzheng8/DataSets.html}
}


///////

@inproceedings{said2011inferring,
  title={Inferring contextual user profiles-improving recommender performance},
  author={Said, Alan and De Luca, Ernesto W and Albayrak, Sahin},
  booktitle={Proceedings of the 3rd RecSys Workshop on Context-Aware Recommender Systems},
  year={2011}
}

@inproceedings{zheng2014splitting,
  title={Splitting approaches for context-aware recommendation: An empirical study},
  author={Zheng, Yong and Burke, Robin and Mobasher, Bamshad},
  booktitle={Proceedings of the 29th Annual ACM Symposium on Applied Computing},
  pages={274--279},
  year={2014},
  organization={ACM}
}
@inproceedings{baltrunas2009context2,
  title={Context-based splitting of item ratings in collaborative filtering},
  author={Baltrunas, Linas and Ricci, Francesco},
  booktitle={Proceedings of the third ACM conference on Recommender systems},
  pages={245--248},
  year={2009},
  organization={ACM}
}


@inproceedings{baltrunas2011matrix,
  title={Matrix factorization techniques for context aware recommendation},
  author={Baltrunas, Linas and Ludwig, Bernd and Ricci, Francesco},
  booktitle={Proceedings of the fifth ACM conference on Recommender systems},
  pages={301--304},
  year={2011},
  organization={ACM}
}

@article{zhengincorporating,
  title={Incorporating Context Correlation into Context-aware Matrix Factorization},
  author={Zheng, Yong and Mobasher, Bamshad and Burke, Robin},
  year={2014},
}

@article{zhengcorrelation,
  title={Correlation-Based Context-aware Matrix Factorization},
  author={Zheng, Yong and Mobasher, Bamshad and Burke, Robin},
  year={2015}
}

@inproceedings{levandoski2012lars,
  title={Lars: A location-aware recommender system},
  author={Levandoski, Justin J and Sarwat, Mohamed and Eldawy, Ahmed and Mokbel, Mohamed F},
  booktitle={Data Engineering (ICDE), 2012 IEEE 28th International Conference on},
  pages={450--461},
  year={2012},
  organization={IEEE}
}

@incollection{kaminskas2011location,
  title={Location-adapted music recommendation using tags},
  author={Kaminskas, Marius and Ricci, Francesco},
  booktitle={User Modeling, Adaption and Personalization},
  pages={183--194},
  year={2011},
  publisher={Springer}
}


@inproceedings{hamed2012t,
  title={T-Recs: Time-aware Twitter-based Drug Recommender System},
  author={Hamed, Ahmed Abdeen and Roose, Rebecca and Branicki, Marlon and Rubin, Alan},
  booktitle={Proceedings of the 2012 International Conference on Advances in Social Networks Analysis and Mining (ASONAM 2012)},
  pages={1027--1031},
  year={2012},
  organization={IEEE Computer Society}
}


@incollection{baltrunas2011mobile,
  title={Context-aware places of interest recommendations for mobile users},
  author={Baltrunas, Linas and Ludwig, Bernd and Peer, Stefan and Ricci, Francesco},
  booktitle={Design, User Experience, and Usability. Theory, Methods, Tools and Practice},
  pages={531--540},
  year={2011},
  publisher={Springer}
}


@article{bellavista2012survey,
  title={A survey of context data distribution for mobile ubiquitous systems},
  author={Bellavista, Paolo and Corradi, Antonio and Fanelli, Mario and Foschini, Luca},
  journal={ACM Computing Surveys (CSUR)},
  volume={44},
  number={4},
  pages={24},
  year={2012},
  publisher={ACM}
}


@article{koren2009matrix,
  title={Matrix factorization techniques for recommender systems},
  author={Koren, Yehuda and Bell, Robert and Volinsky, Chris},
  journal={Computer},
  number={8},
  pages={30--37},
  year={2009},
  publisher={IEEE}
}

@article{bohmer2010contextualizing,
  title={Contextualizing mobile applications for context-aware recommendation},
  author={B{\"o}hmer, Matthias and Prinz, Moritz and Bauer, Gernot},
  year={2010},
}

